<record><leader>00000cas a22000007a 4500</leader><controlfield tag="001">9816709</controlfield><controlfield tag="008">830817c1uuu9999ohuwr ne      0   a0eng d</controlfield><datafield ind1=" " ind2=" " tag="010"><subfield code="a">sn 83008619 </subfield></datafield><datafield ind1=" " ind2=" " tag="040"><subfield code="a">NSD</subfield><subfield code="b">eng</subfield><subfield code="c">NSD</subfield><subfield code="d">DLC</subfield><subfield code="d">OCLCQ</subfield></datafield><datafield ind1=" " ind2=" " tag="012"><subfield code="m">1</subfield></datafield><datafield ind1="1" ind2=" " tag="022"><subfield code="a">0746-1607</subfield><subfield code="l">0746-1607</subfield><subfield code="2">1</subfield></datafield><datafield ind1=" " ind2=" " tag="032"><subfield code="a">701430</subfield><subfield code="b">USPS</subfield></datafield><datafield ind1=" " ind2=" " tag="037"><subfield code="b">Tribune Co., 15618 W. High Street, Middlefield, OH 44062</subfield></datafield><datafield ind1=" " ind2=" " tag="042"><subfield code="a">nsdp</subfield></datafield><datafield ind1=" " ind2="4" tag="222"><subfield code="a">The Western reserve chronicle</subfield></datafield><datafield ind1="0" ind2="4" tag="245"><subfield code="a">The Western reserve chronicle.</subfield></datafield><datafield ind1=" " ind2=" " tag="260"><subfield code="a">Middlefield, Ohio :</subfield><subfield code="b">[Tribune Co.]</subfield></datafield><datafield ind1=" " ind2=" " tag="310"><subfield code="a">Weekly</subfield></datafield><datafield ind1=" " ind2=" " tag="588"><subfield code="a">Description based on: Tuesday, July 12, 1983; title from caption.</subfield></datafield><datafield ind1=" " ind2=" " tag="936"><subfield code="a">July 12, 1983</subfield></datafield></record>